@misc{wiki:Bresenham's_line_algorithm,
   author = "Wikipedia",
   title = "{Bresenham's line algorithm} --- {W}ikipedia{,} The Free Encyclopedia",
   year = "2020",
   howpublished = {\url{http://en.wikipedia.org/w/index.php?title=Bresenham's\%20line\%20algorithm&oldid=942821371}},
   note = "[Online; accessed 25-March-2020]"
}
@misc{wiki:De_Casteljau's_algorithm,
   author = "Wikipedia",
   title = "{De Casteljau's algorithm} --- {W}ikipedia{,} The Free Encyclopedia",
   year = "2020",
   howpublished = {\url{http://en.wikipedia.org/w/index.php?title=De\%20Casteljau's\%20algorithm&oldid=924766432}},
   note = "[Online; accessed 25-March-2020]"
 }

 @misc{wiki:Cohen–Sutherland_algorithm,
   author = "Wikipedia",
   title = "{Cohen–Sutherland algorithm} --- {W}ikipedia{,} The Free Encyclopedia",
   year = "2020",
   howpublished = {\url{http://en.wikipedia.org/w/index.php?title=Cohen\%E2\%80\%93Sutherland\%20algorithm&oldid=943363124}},
   note = "[Online; accessed 26-March-2020]"
 }

 @misc{wiki:Liang–Barsky_algorithm,
   author = "Wikipedia",
   title = "{Liang–Barsky algorithm} --- {W}ikipedia{,} The Free Encyclopedia",
   year = "2020",
   howpublished = {\url{http://en.wikipedia.org/w/index.php?title=Liang\%E2\%80\%93Barsky\%20algorithm&oldid=945925273}},
   note = "[Online; accessed 27-March-2020]"
 }

@book{rog_1986,
  author = {Rogers, David F.},
  title = {Procedural Elements for Computer Graphics},
  year = {1986},
  isbn = {978-0-07-053534-3},
  publisher = {McGraw-Hill, Inc.},
  address = {USA}
}
@book{sun_2006, 
  place={北京}, 
  isbn = {978-7-11119174-2},
  title={计算机图形学教程 = Computer graphics}, 
  publisher={机械工业出版社}, 
  author={孙正兴}, 
  year={2006}
}
@book{rog_2002, 
  place={北京}, 
  isbn = {978-7-11107582-0},
  title={计算机图形学的算法基础}, 
  publisher={机械工业出版社}, 
  author={Rogers, David F. and 石教英 and 彭群生}, 
  year={2002}
}